<record><leader>00000cas a22000007a 4500</leader><controlfield tag="001">13574623</controlfield><controlfield tag="008">860515d19461963njuwr ne      0    0eng d</controlfield><datafield ind1=" " ind2=" " tag="010"><subfield code="a">sn 85036020 </subfield></datafield><datafield ind1=" " ind2=" " tag="040"><subfield code="a">NPA</subfield><subfield code="b">eng</subfield><subfield code="c">NPA</subfield><subfield code="d">NJW</subfield><subfield code="d">OCLCQ</subfield></datafield><datafield ind1=" " ind2=" " tag="042"><subfield code="a">msc</subfield></datafield><datafield ind1="0" ind2="0" tag="245"><subfield code="a">New Jersey times-Interboro review.</subfield></datafield><datafield ind1="3" ind2="0" tag="246"><subfield code="a">New Jersey interboro times-review</subfield></datafield><datafield ind1="1" ind2="7" tag="246"><subfield code="a">Times-review</subfield></datafield><datafield ind1=" " ind2=" " tag="260"><subfield code="a">Bergenfield, N.J. :</subfield><subfield code="b">Bergen Press Corp.,</subfield><subfield code="c">1946-1963.</subfield></datafield><datafield ind1=" " ind2=" " tag="300"><subfield code="a">v. :</subfield><subfield code="b">ill.</subfield></datafield><datafield ind1=" " ind2=" " tag="310"><subfield code="a">Weekly</subfield></datafield><datafield ind1="0" ind2=" " tag="362"><subfield code="a">Vol. 34, no. 18 (June 6, 1946)-v. 79, no. 9 (Feb. 28, 1963).</subfield></datafield><datafield ind1=" " ind2=" " tag="500"><subfield code="a">"In the heart of Bergen County."</subfield></datafield><datafield ind1=" " ind2=" " tag="500"><subfield code="a">Published by Palisades Pub., Oct. 7, 1948-Feb. 28, 1963.</subfield></datafield><datafield ind1=" " ind2=" " tag="515"><subfield code="a">Continues the numbering of: New Jersey times.</subfield></datafield><datafield ind1=" " ind2=" " tag="530"><subfield code="a">Also issued on microfilm by Norton Micro Images and Rutgers University Library.</subfield></datafield><datafield ind1=" " ind2=" " tag="752"><subfield code="a">United States</subfield><subfield code="b">New Jersey</subfield><subfield code="c">Bergen</subfield><subfield code="d">Bergenfield.</subfield></datafield><datafield ind1="0" ind2="4" tag="780"><subfield code="t">New Jersey times</subfield></datafield><datafield ind1="0" ind2="4" tag="780"><subfield code="t">Interboro review and Dumont citizen</subfield><subfield code="w">(DLC)sn 85036019</subfield><subfield code="w">(OCoLC)13574619</subfield></datafield><datafield ind1="0" ind2="0" tag="785"><subfield code="t">Times-review (Bergenfield, N.J. : 1963)</subfield><subfield code="w">(DLC)sn 85036021</subfield><subfield code="w">(OCoLC)13574625</subfield></datafield></record>